@article{freeman,
          title={Example-Based Super-Resolution},
          journal={Image-Based Modeling, Rendering, and Lighting},
          author={Freeman, William T. and Jones, Thouis R. and Pasztor, Egon C.},
          year={2002}
}

@article{SRGAN,
author = {Ledig, Christian and Theis, Lucas and Huszar, Ferenc and Caballero, Jose and Acosta, Alejandro and Aitken, Andrew and Tejani, Alykhan and Totz, Johannes and Wang, Zehan and Shi, Wenzhe},
year = {2017},
month = {07},
pages = {105-114},
title = {Photo-Realistic Single Image Super-Resolution Using a Generative Adversarial Network},
doi = {10.1109/CVPR.2017.19}
}

@article{SRCNN,
  doi = {10.48550/ARXIV.1501.00092},
  url = {https://arxiv.org/abs/1501.00092},
  author = {Dong, Chao and Loy, Chen Change and He, Kaiming and Tang, Xiaoou},
  keywords = {Computer Vision and Pattern Recognition (cs.CV), Neural and Evolutionary Computing (cs.NE), FOS: Computer and information sciences, FOS: Computer and information sciences, I.4.5; I.2.6},
  title = {Image Super-Resolution Using Deep Convolutional Networks},
  publisher = {arXiv},
  year = {2015},
  copyright = {arXiv.org perpetual, non-exclusive license}
}