@IEEEtranBSTCTL{IEEEexample:BSTcontrol,
  CTLdash_repeated_names = "no"
}

@article{freeman,
          title={Example-Based Super-Resolution},
          journal={Image-Based Modeling, Rendering, and Lighting},
          author={Freeman, William T. and Jones, Thouis R. and Pasztor, Egon C.},
          year={2002}
          }


@article{SRGAN,
author = {Ledig, Christian and Theis, Lucas and Huszar, Ferenc and Caballero, Jose and Acosta, Alejandro and Aitken, Andrew and Tejani, Alykhan and Totz, Johannes and Wang, Zehan and Shi, Wenzhe},
year = {2017},
month = {07},
pages = {105-114},
title = {Photo-Realistic Single Image Super-Resolution Using a Generative Adversarial Network},
doi = {10.1109/CVPR.2017.19}
}

@article{GANs,
author = {Goodfellow, Ian and Pouget-Abadie, Jean and Mirza, Mehdi and Xu, Bing and Warde-Farley, David and Ozair, Sherjil and Courville, Aaron and Bengio, Y.},
year = {2014},
month = {06},
pages = {},
title = {Generative Adversarial Nets},
journal = {ArXiv}
}

@misc{interpolation_cambridge,
title={Digital Image Interpolation},
url={https://www.cambridgeincolour.com/tutorials/image-interpolation.htm},
publisher={Cambridge in Colour},
author={McHugh , Sean},
year={2005}
}